<?xml version="1.0" encoding="utf-8"?>
<record xmlns="http://www.loc.gov/MARC21/slim" xmlns:xsi="http://www.w3.org/2001/XMLSchema-instance" xsi:schemaLocation="http://www.loc.gov/MARC21/slim http://www.loc.gov/standards/marcxml/schema/MARC21slim.xsd">
	<leader>     nam a22     Mi 4500</leader>
	<controlfield tag="001">8260</controlfield>
	<controlfield tag="003">aeadna</controlfield>
	<controlfield tag="006">m        d        </controlfield>
	<controlfield tag="007">cr cn |||m|||a</controlfield>
	<controlfield tag="008">220524q1921||||ua     eo    a00| 0|ara|d</controlfield>
	<datafield ind1=" " ind2=" " tag="040">
		<subfield code="a">ZYU</subfield>
		<subfield code="b">ara</subfield>
		<subfield code="c">ZYU</subfield>
	</datafield>
	<datafield ind1="0" ind2=" " tag="041">
		<subfield code="a">ara</subfield>
	</datafield>
	<datafield ind1=" " ind2="4" tag="050">
		<subfield code="a">BP135.A2</subfield>
		<subfield code="b">.Z3 1921</subfield>
	</datafield>
	<datafield ind1="1" ind2="0" tag="082">
		<subfield code="a">216.1</subfield>
		<subfield code="b">21</subfield>
	</datafield>
	<datafield ind1="0" ind2=" " tag="100">
		<subfield code="a">زيد بن علي،</subfield>
		<subfield code="d">695-740.</subfield>
	</datafield>
	<datafield ind1="1" ind2="0" tag="245">
		<subfield code="a">مسند الإمام الشهيد زيد بن علي بن الحسين بن علي بن أبي طالب عليهم السلام؛ وهو ما رواه عن أبيه عن جده ، ويسمى المجموع الفقهي، لذكره بعض المسائل الفقهية[ويليه] هذه الصحيفة وتسمى مسند افمام علي الرضى بن موسى الكاظم بن جعفر الصادق بن محمد الباقر بن زين العابد بن الحسين بن امير المؤمنين علي بن أبي طالب سلام الله عليهم اجمعين</subfield>
		<subfield code="h">[electronic resource].</subfield>
	</datafield>
	<datafield ind1="1" ind2="3" tag="246">
		<subfield code="a">مسند الإمام علي الرضى بن موسى الكاظم</subfield>
	</datafield>
	<datafield ind1="1" ind2="1" tag="246">
		<subfield code="a">المجموع الفقهي</subfield>
	</datafield>
	<datafield ind1=" " ind2=" " tag="260">
		<subfield code="a">القاهرة :</subfield>
		<subfield code="b">[ٍد. ن.]،</subfield>
		<subfield code="c">1340 هـ.</subfield>
		<subfield code="f">(مطبعة المعارف العلمية بالكحكيين بمصر) [1921]</subfield>
	</datafield>
	<datafield ind1=" " ind2=" " tag="300">
		<subfield code="a">online resource (1-4 ، 1-24،  192 ، 1-36 ص. ؛)</subfield>
	</datafield>
	<datafield ind1=" " ind2=" " tag="500">
		<subfield code="a">ورق أصفر . حالة الكتاب جيدة. مجلد.</subfield>
	</datafield>
	<datafield ind1=" " ind2=" " tag="500">
		<subfield code="a">في البداية فهرست المسند. ثم يتلوها مقدمة في ترجمة الإمام زيد والراوي عنه وذكر بعض مؤلفات أهل البيت عليهم السلام. ويليه  مسند افمام الشهيد زيد بن علي</subfield>
	</datafield>
	<datafield ind1=" " ind2=" " tag="500">
		<subfield code="a">هذه الصحيفة.الطبعة الثانية.</subfield>
	</datafield>
	<datafield ind1=" " ind2=" " tag="500">
		<subfield code="a">Part of the Arabic Collections Online (ACO) project, contributed by United Arab Emirates National Archives.</subfield>
	</datafield>
	<datafield ind1=" " ind2=" " tag="533">
		<subfield code="a">Electronic reproduction.</subfield>
		<subfield code="b">New York, N.Y. :</subfield>
		<subfield code="c">New York University,</subfield>
		<subfield code="d">2022.</subfield>
		<subfield code="5">NNU</subfield>
	</datafield>
	<datafield ind1="1" ind2="4" tag="600">
		<subfield code="a">زيد بن علي بن الحسين بن علي بن أبى طالب.</subfield>
		<subfield code="t">مسند</subfield>
	</datafield>
	<datafield ind1=" " ind2="4" tag="650">
		<subfield code="a">الفقه الإسلامي، أصول</subfield>
	</datafield>
	<datafield ind1=" " ind2="4" tag="650">
		<subfield code="a">الحديث</subfield>
	</datafield>
	<datafield ind1="1" ind2=" " tag="700">
		<subfield code="a">الكاظم، علي الرضى بن موسي</subfield>
		<subfield code="d">148-203 هـ.</subfield>
		<subfield code="t">هذه الصحيفة...</subfield>
	</datafield>
	<datafield ind1="1" ind2=" " tag="700">
		<subfield code="a">الصدفي، بكر بن محمد عاشور الحنفي</subfield>
		<subfield code="e">مقدم</subfield>
	</datafield>
	<datafield ind1="2" ind2=" " tag="710">
		<subfield code="a">Abu Dhabi (United Arab Emirates).</subfield>
		<subfield code="b">National Archives.</subfield>
	</datafield>
	<datafield ind1="0" ind2=" " tag="730">
		<subfield code="a">Arabic Collections Online.</subfield>
	</datafield>
	<datafield ind1="0" ind2=" " tag="740">
		<subfield code="a">هذه الصحيفة تسمى مسند الإمام علي الرضي بن موسي الكاظم</subfield>
	</datafield>
	<datafield ind1="0" ind2="8" tag="776">
		<subfield code="i">Print version:</subfield>
		<subfield code="a">زيد بن علي، 695-740.</subfield>
		<subfield code="t">مسند الإمام الشهيد زيد بن علي بن الحسين بن علي بن أبي طالب عليهم السلام؛ وهو ما رواه عن أبيه عن جده ، ويسمى المجموع الفقهي، لذكره بعض المسائل الفقهية[ويليه] هذه الصحيفة وتسمى مسند افمام علي الرضى بن موسى الكاظم بن جعفر الصادق بن محمد الباقر بن زين العابد بن الحسين بن امير المؤمنين علي بن أبي طالب سلام الله عليهم اجمعين</subfield>
		<subfield code="w">(aeadna)8260</subfield>
	</datafield>
	<datafield ind1="4" ind2="0" tag="856">
		<subfield code="u">http://hdl.handle.net/2333.1/q83bkfgz</subfield>
	</datafield>
	<datafield ind1=" " ind2=" " tag="949">
		<subfield code="a">216.1 ك س ز </subfield>
		<subfield code="w">ٍDDC</subfield>
		<subfield code="i">30018000010248</subfield>
		<subfield code="u">07/14/2003</subfield>
		<subfield code="d">04/26/2010</subfield>
		<subfield code="n">0</subfield>
		<subfield code="t">Book</subfield>
		<subfield code="l">av</subfield>
		<subfield code="m">MAIN</subfield>
		<subfield code="x">RAR</subfield>
	</datafield>
	<datafield ind1=" " ind2=" " tag="959">
		<subfield code="a">NNU</subfield>
		<subfield code="b">WEB</subfield>
		<subfield code="c">GENI</subfield>
		<subfield code="t">0</subfield>
		<subfield code="m">Electronic access</subfield>
		<subfield code="s">01</subfield>
	</datafield>
	<datafield ind1=" " ind2=" " tag="999">
		<subfield code="i">aeadna_8260</subfield>
		<subfield code="s">uaena_aco000105:1</subfield>
		<subfield code="e">(ERROR-880)(ERROR-MISC)</subfield>
	</datafield>
</record>
